<record><leader>00000cas a22000007a 4500</leader><controlfield tag="001">13787882</controlfield><controlfield tag="008">860627d18871902nvuwr ne      0    0eng d</controlfield><datafield ind1=" " ind2=" " tag="010"><subfield code="a">sn 86076200 </subfield></datafield><datafield ind1=" " ind2=" " tag="040"><subfield code="a">NNX</subfield><subfield code="b">eng</subfield><subfield code="c">NNX</subfield><subfield code="d">CNK</subfield><subfield code="d">OCLCQ</subfield><subfield code="d">YUS</subfield><subfield code="d">OCLCF</subfield><subfield code="d">OCLCO</subfield></datafield><datafield ind1=" " ind2=" " tag="042"><subfield code="a">msc</subfield></datafield><datafield ind1="0" ind2=" " tag="130"><subfield code="a">Eureka weekly sentinel (Eureka, Nev. : 1887)</subfield></datafield><datafield ind1="1" ind2="0" tag="245"><subfield code="a">Eureka weekly sentinel.</subfield></datafield><datafield ind1=" " ind2=" " tag="260"><subfield code="a">Eureka, Nev. :</subfield><subfield code="b">Cassidy &amp; Skillman,</subfield><subfield code="c">1887-1902.</subfield></datafield><datafield ind1=" " ind2=" " tag="300"><subfield code="a">25 v. :</subfield><subfield code="b">ill.</subfield></datafield><datafield ind1=" " ind2=" " tag="310"><subfield code="a">Weekly</subfield></datafield><datafield ind1="0" ind2=" " tag="362"><subfield code="a">Vol. 8, no. 6 (Oct. 8, 1887)-v. 32, no. 21 (Jan. 11, 1902).</subfield></datafield><datafield ind1=" " ind2="0" tag="651"><subfield code="a">Eureka (Nev.)</subfield><subfield code="v">Newspapers.</subfield></datafield><datafield ind1=" " ind2="7" tag="655"><subfield code="a">Newspapers.</subfield><subfield code="2">fast</subfield><subfield code="0">(OCoLC)fst01423814</subfield></datafield><datafield ind1=" " ind2="7" tag="651"><subfield code="a">Nevada</subfield><subfield code="z">Eureka.</subfield><subfield code="2">fast</subfield><subfield code="0">(OCoLC)fst01236843</subfield></datafield><datafield ind1=" " ind2=" " tag="752"><subfield code="a">United States</subfield><subfield code="b">Nevada</subfield><subfield code="c">Eureka</subfield><subfield code="d">Eureka.</subfield></datafield><datafield ind1="0" ind2="0" tag="780"><subfield code="t">Eureka sentinel (Eureka, Nev. : Cassidy &amp; Skillman)</subfield><subfield code="w">(DLC)sn 86076996</subfield></datafield><datafield ind1="0" ind2="0" tag="785"><subfield code="t">Eureka sentinel (Eureka, Nev. : 1902)</subfield><subfield code="w">(DLC)sn 86076201</subfield></datafield></record>